@INPROCEEDINGS{b1,
author={Caronni, G.},
booktitle={Proceedings IEEE 9th International Workshops on Enabling Technologies: Infrastructure for Collaborative Enterprises (WET ICE 2000)},
title={Walking the Web of trust},
year={2000},
volume={},
number={},
pages={153-158},
doi={10.1109/ENABL.2000.883720}}

@INPROCEEDINGS{b2,
author={Hu, Yi and Panda, Brajendra},
booktitle={2007 International Conference on Integration of Knowledge Intensive Multi-Agent Systems},
title={A Web of Trust Oriented Information Flow Network},
year={2007},
volume={},
number={},
pages={336-341},
doi={10.1109/KIMAS.2007.369832}}

@INPROCEEDINGS{b3,
author={Young Ae Kim and Minh-Tam Le and Lauw, Hady W. and Ee-Peng Lim and Haifeng Liu and Jaideep Srivastava},
booktitle={2008 IEEE 24th International Conference on Data Engineering Workshop},
title={Building a web of trust without explicit trust ratings},
year={2008},
volume={},
number={},
pages={531-536},
doi={10.1109/ICDEW.2008.4498374}}

@INPROCEEDINGS{b4,
author={Cai, Sibo and Zou, Yanzhen and Xie, Bing and Shao, Weizhong},
booktitle={2008 IEEE International Conference on Web Services},
title={Mining the Web of Trust for Web Services Selection},
year={2008},
volume={},
number={},
pages={809-810},
doi={10.1109/ICWS.2008.114}}

@INPROCEEDINGS{b5,
author={Liping, Hou and Lei, Shi},
booktitle={2011 Fourth International Conference on Intelligent Computation Technology and Automation},
title={Research on Trust Model of PKI},
year={2011},
volume={1},
number={},
pages={232-235},
doi={10.1109/ICICTA.2011.67}}

@INPROCEEDINGS{b6,
author={El Uahhabi, Zakia and El Bakkali, Hanan},
booktitle={2014 International Conference on Next Generation Networks and Services (NGNS)},
title={A comparative study of PKI trust models},
year={2014},
volume={},
number={},
pages={255-261},
doi={10.1109/NGNS.2014.6990261}}

@misc{b7,
  title        = {{(RFC-1991) PGP Message Exchange Formats}},
  journal      = {Network Working Group},
  howpublished = {\url{https://datatracker.ietf.org/doc/html/rfc1991}},
  year         = {1996},
  note         = {[Online; accessed 10-Jan-2024]}
}

@misc{b8,
  title        = {{(RFC-2440) OpenPGP Message Format}},
  journal      = {Network Working Group},
  howpublished = {\url{https://datatracker.ietf.org/doc/html/rfc2440}},
  year         = {1998},
  note         = {[Online; accessed 10-Jan-2024]}
}

@misc{b9,
  title        = {{(RFC-2015) MIME Security with Pretty Good Privacy (PGP)}},
  journal      = {Network Working Group},
  howpublished = {\url{https://datatracker.ietf.org/doc/html/rfc2015}},
  year         = {1996},
  note         = {[Online; accessed 10-Jan-2024]}
}

@misc{b10,
  title        = {{(RFC-3156) MIME Security with OpenPGP}},
  journal      = {Network Working Group},
  howpublished = {\url{https://datatracker.ietf.org/doc/html/rfc3156}},
  year         = {2001},
  note         = {[Online; accessed 10-Jan-2024]}
}

@misc{b11,
  title        = {{(RFC-4880) OpenPGP Message Format}},
  journal      = {Network Working Group},
  howpublished = {\url{https://datatracker.ietf.org/doc/html/rfc4880}},
  year         = {2007},
  note         = {[Online; accessed 10-Jan-2024]}
}

@misc{b12,
  title        = {{(RFC-5581) The Camellia Cipher in OpenPGP}},
  journal      = {Network Working Group},
  howpublished = {\url{https://datatracker.ietf.org/doc/html/rfc5581}},
  year         = {2009},
  note         = {[Online; accessed 10-Jan-2024]}
}

@misc{b13,
  title        = {{(RFC-6637) Elliptic Curve Cryptography (ECC) in OpenPGP}},
  journal      = {Network Working Group},
  howpublished = {\url{https://datatracker.ietf.org/doc/html/rfc6637}},
  year         = {2012},
  note         = {[Online; accessed 10-Jan-2024]}
}

@misc{b14,
  title        = {{EdDSA for OpenPGP, draft-koch-eddsa-for-openpgp-04}},
  journal      = {Network Working Group},
  howpublished = {\url{https://datatracker.ietf.org/doc/html/draft-koch-eddsa-for-openpgp-04}},
  year         = {2016},
  note         = {[Online; accessed 10-Jan-2024]}
}

@article{b15,
  title   = {{Trust-Based Recommendation Algorithm in Social Network[J]}},
  author  = {Chen Ting, Zhu Qing, Zhou MengXi, Wang Shan},
  journal = {Journal of Software},
  year    = {2017},
  pages   = {28(3): 721-731}
}

@article{b16,
  title   = {{Trust-Based recommendation systems:An axiomatic approach}},
  author  = {Andersen R, Borgs C, Chayes J, Feige U},
  journal = {In:Proc. of the Int'l World Wide Web Conf. (WWW 2008)},
  year    = {2008}
}

@article{b17,
  title   = {{The eigentrust algorithm for reputation management in P2P networks}},
  author  = {Kamvar SD, Schlosser MT, Garcia-Molina H},
  pages   = {640-651},
  year    = {2003},
  journal = {In:Proc. of the 12th Int'l Conf. on World Wide Web. ACM Press}
}

@article{b18,
  title        = {{Computing and Applying Trust in Web-Based Social NetWorks[Ph.D. Thesis]}},
  author       = {Golbeck J},
  journal      = {Maryland:University of Maryland},
  year         = {2005}
}

@article{b19,
  title   = {{A trust-enhanced recommender system application:Mole skiing}},
  author  = {Avesani P, Massa P, Tiella R},
  pages   = {1589-1593},
  year    = {2005},
  journal = {In:Proc. of the 2005 ACM Symp. on Applied computing}
}

@article{b20,
  title   = {{Trust-Aware recommender systems}},
  author  = {Massa P, Avesani P},
  pages   = {17-24},
  year    = {2007},
  journal = {In:Proc. of the 2007 ACM Conf. on Recommender Systems.}
}

@article{b21,
  title   = {{A random walk model for combining trust-based and item-based recommendation}},
  author  = {Jamali M, Ester M. Trustwalker},
  pages   = {397-406},
  year    = {2009},
  journal = {In:Proc. of the 15th ACM SIGKDD Int'l Conf. on Knowledge Discovery and Data Mining}
}

@article{b22,
  title   = {{A model of a trust-based recommendation system on a social network}},
  author  = {Walter FE, Battiston S, Schweitzer F},
  pages   = {16(1)},
  year    = {2008},
  journal = {Autonomous Agents and Multi-Agent Systems}
}

@article{b23,
  title   = {{Trust based recommender system for the semantic Web}},
  author  = {Bedi P, Kaur H, Marwaha S},
  year    = {2007},
  journal = {In:Proc. of the IJCAI 2007}
}

@article{b24,
  title   = {{SoRec:Social recommendation using probabilistic matrix factorization}},
  author  = {Ma H, Yang H, Lyu MR, King I},
  pages   = {931-940},
  year    = {2008},
  journal = {In:Proc. of the Int'l Conf. on Information and Knowledge Management}
}

@article{b25,
  title   = {{Learning to recommend with social trust ensemble}},
  author  = {Ma H, King I, Lyu MR},
  pages   = {203-210},
  year    = {2009},
  journal = {In:Proc. of the 32nd Int'l ACM SIGIR Conf. on Research and Development in Information Retrieval}
}

@article{b26,
  title   = {{A matrix factorization technique with trust propagation for recommendation in social networks}},
  author  = {Jamali M, Ester M},
  pages   = {135-142},
  year    = {2010},
  journal = {In:Proc. of the 4th ACM Conf. on Recommender Systems}
}

@article{b27,
  title   = {{Recommendation based on weighted social trusts and item relationships}},
  author  = {Wang D, Ma J, Lian T, Guo L},
  pages   = {254-259},
  year    = {2014},
  journal = {In:Proc. of the 29th Annual ACM Symp. on Applied Computing}
}

@article{b28,
  title   = {{Incorporating item relations for social recommendation}},
  author  = {Guo L, Ma J, Chen ZM, Jiang HB},
  pages   = {37(1): 219-228},
  year    = {2014},
  journal = {Chinese Journal of Computers}
}

@article{b29,
  title   = {{A novel recommendation approach based on users' weighted trust relations and the rating similarities}},
  author  = {Wang M, Ma J},
  pages   = {1-10},
  year    = {2015},
  journal = {In:Proc. of the Soft Computing}
}

@article{b30,
  title   = {{Probabilistic matrix factorization}},
  author  = {Mnih A, Salakhutdinov R},
  pages   = {1257-1264},
  year    = {2007},
  journal = {In:Proc. of the Advances in Neural Information Processing Systems}
}

@misc{b31,
  title   = {{Sicherheit I Slide, PKI}},
  author  = {Claudia Eckert},
  year    = {2022},
  journal = {TUM School of Computation, Information and Technology, Technische Universität München}
}

@misc{b32,
  title   = {{What Really Caused Facebook's 500M-User Data Leak}},
  year    = {2021},
  journal = {WIRED},
  howpublished = {\url{https://www.wired.com/story/facebook-data-leak-500-million-users-phone-numbers/}},
  note    = {[Online; accessed 11-Jan-2024]}
}

@misc{b33,
  title   = {{Mobile App Development for Android Costs 30% More than for iOS}},
  author  = {Dion McCormick},
  year    = {2021},
  journal = {Alpha Software},
  howpublished = {\url{https://www.alphasoftware.com/blog/mobile-app-development-software-for-android}},
  note    = {[Online; accessed 11-Jan-2024]}
}

@misc{b34,
  title   = {{Mobile App Development for iOS and Android: Pros & Cons. Which is Right for Your Business?}},
  author  = {Elena Pashkovskaya},
  year    = {2023},
  journal = {NEKLO},
  howpublished = {\url{https://neklo.com/blog/ios-vs-android-development}},
  note    = {[Online; accessed 11-Jan-2024]}
}

@misc{b35,
  title   = {{Decentralised Everything?}},
  author  = {Vidar Andersen},
  year    = {2022},
  journal = {LinkedIn},
  howpublished = {\url{https://www.linkedin.com/pulse/decentralised-everything-vidar-andersen/}},
  note    = {[Online; accessed 11-Jan-2024]}
}

@article{b36,
  title   = {{Trust Model in PGP and X.509 Standard PKI}},
  author  = {Eyas Al-Hajery},
  year    = {2002},
  journal = {Global Information Assurance Certification Paper}
}

@article{b37,
  title   = {{Trust levels in social networks}},
  author  = {Santanu Acharjee, Akhil Thomas Panicker},
  year    = {2023},
  journal = {Heliyon, ISSN 2405-8440}
}

@misc{b38,
  title   = {{iLab1 Slide, TLS and packet ﬁltering}},
  author  = {PreLab 2004: Heiko Niedermayer; 2005: Andreas Korsten, Marc-Oliver Pahl; 2014: Stefan Liebald, 2015: Dominik Scholz, Sven Hertle; 2017: Maximilian
Schäﬀeler},
  year    = {2022},
  journal = {TUM School of Computation, Information and Technology, Technische Universität München}
}

